@article{Kearns02SS,
	author    = {Michael J. Kearns and
	Yishay Mansour and
	Andrew Y. Ng},
	title     = {A Sparse Sampling Algorithm for Near-Optimal Planning in Large Markov
	Decision Processes},
	journal   = {Machine Learning},
	volume    = {49},
	number    = {2-3},
	pages     = {193--208},
	year      = {2002}
}

@inproceedings{Coulom2006,
  TITLE = {{Efficient Selectivity and Backup Operators in Monte-Carlo Tree Search}},
  AUTHOR = {Coulom, R{\'e}mi},
  BOOKTITLE = {{Proc. of International Conference on Computer and Games}},
  YEAR = {2006},
}

@inproceedings{Hren2008optimistic,
	title = {{Optimistic planning of deterministic systems}},
	year = {2008},
	booktitle = {European Workshop on Reinforcement Learning},
	author = {Hren, Jean-Francois and Munos, Rémi},
}

@inproceedings{Kocsis06UCT,
	title                    = {Bandit Based Monte-carlo Planning},
	author                   = {Kocsis, Levente and Szepesv\'{a}ri, Csaba},
	booktitle                = {Proceedings of the 17th European Conference on Machine Learning (ECML)},
	year                     = {2006}
}

@article{Coquelin2007,
author = {Coquelin, Pierre-Arnaud and Munos, R{\'{e}}mi},
title = {{Bandit Algorithms for Tree Search}},
journal = {Proc. of UAI},
year = {2007}
}

@book{Munos14,
	title                    = {From bandits to Monte-Carlo Tree Search: The optimistic principle applied to optimization and planning.},
	author                   = {Munos, R.},
	publisher                = {Foundations and Trends in Machine Learning},
	year                     = {2014},
	volume                   = {7}
}

@article{Browne12,
	title                    = {A Survey of Monte Carlo Tree Search Methods},
	author                   = {Browne, C. and Powley, E. and Whitehouse, D. and Lucas, S. and Cowling, P. and Rohlfshagen, P. and Tavener, S. and Perez, D. and Samothrakis, S. and Colton, S.},
	journal                  = {IEEE Transactions on Computational Intelligence and AI in games,},
	year                     = {2012},
	number                   = {1},
	pages                    = {1-49},
	volume                   = {4}
}


@InProceedings{Szorenyi14,
	Title                    = {Optimistic Planning in Markov Decision Processes using a generative model},
	Author                   = {Szorenyi, B. and Kedenburg, G. and Munos, R.},
	Booktitle                = {Advances in Neural Information Processing Systems (NIPS)},
	Year                     = {2014}
}

@article{Feldman14BRUE,
	author    = {Zohar Feldman and Carmel Domshlak},
	title     = {Simple Regret Optimization in Online Planning for Markov Decision Processes},
	journal   = {Journal of Artifial Intelligence Research},
	volume    = {51},
	pages     = {165--205},
	year      = {2014}
}

@InProceedings{Grill16,
	Title                    = {Blazing the trails before beating the path: Sample-efficient Monte-Carlo planning},
	Author                   = {Grill, J.-B. and Valko, M. and Munos, R.},
	Booktitle                = {Neural Information Processing Systems (NIPS)},
	Year                     = {2016}
}

@inproceedings{Grill19,
	author    = {Jean{-}Bastien Grill and
	Omar Darwiche Domingues and
	Pierre M{\'{e}}nard and
	R{\'{e}}mi Munos and
	Michal Valko},
	title     = {Planning in entropy-regularized Markov decision processes and games},
	booktitle = {Advances in Neural Information Processing Systems (NeurIPS)},
	year      = {2019}
}

@article{Silver18,
	author    = {David Silver and
	Thomas Hubert and
	Julian Schrittwieser and
	Ioannis Antonoglou and
	Matthew Lai and
	Arthur Guez and
	Marc Lanctot and
	Laurent Sifre and
	Dharshan Kumaran and
	Thore Graepel and
	Timothy P. Lillicrap and
	Karen Simonyan and
	Demis Hassabis},
	title     = {A general reinforcement learning algorithm that masters chess, shogi, and Go through self-play},
	journal   = {Science},
	volume    = {362},
	issue = {6419},
	page = {1140-1144},
	year      = {2018},
}

@incollection{Kaufmann2017,
	title = {Monte-Carlo Tree Search by Best Arm Identification},
	author = {Kaufmann, Emilie and Koolen, Wouter M},
	booktitle = {Advances in Neural Information Processing Systems 30},
	editor = {I. Guyon and U. V. Luxburg and S. Bengio and H. Wallach and R. Fergus and S. Vishwanathan and R. Garnett},
	pages = {4897--4906},
	year = {2017},
	publisher = {Curran Associates, Inc.},
}


@inproceedings{Bubeck2010open,
	title={Open Loop Optimistic Planning},
	author={Bubeck, S and Munos, R},
	booktitle={Conference on Learning Theory},
	year={2010}
}

@inproceedings{Leurent2019practical,
	title={Practical Open-Loop Optimistic Planning},
	author={Edouard Leurent and Odalric-Ambrym Maillard},
	year={2019},
	booktitle={Proceedings of the 19th European Conference on Machine Learning and Principles and Practice (ECML-PKDD)}
}

@inproceedings{Busoniu2012optimistic,
	title={Optimistic planning for Markov decision processes},
	author={Busoniu, Lucian and Munos, R{\'e}mi},
	booktitle={Artificial Intelligence and Statistics},
	pages={182--189},
	year={2012}
}

@inproceedings{MDPGapE2020,
	title={Planning in Markov Decision Processes with Fixed Confidence: A Practical Algorithm with Gap-Dependent Sample Complexity},
	author={Anonymous},
	booktitle={Under review.},
	year={2020}
}

@inproceedings{Jonsson2020,
	title={Planning in Markov Decision Processes with Fixed Confidence: A Practical Algorithm with Gap-Dependent Sample Complexity},
	author={Jonsson, Anders and Kaufmann, Emilie and Ménard, Pierre and Darwiche-Domingues, Omar and Leurent, Edouard and Valko, Michal},
	booktitle={Under review, submitted to COLT 2020.},
	year={2020}
}

@inproceedings{Filippi2010optimism,
	Title                    = {{Optimism in Reinforcement Learning and {K}ullback-{L}eibler Divergence}},
	Author                   = {Filippi, S. and Capp{\'e}, O. and Garivier, A.},
	Booktitle                = {{Allerton Conference on Communication, Control, and Computing}},
	Year                     = {2010},
}
