@proceedings{DBLP:conf/acml/2009,
  editor    = {Zhi{-}Hua Zhou and
               Takashi Washio},
  title     = {Advances in Machine Learning, First Asian Conference on Machine Learning,
               {ACML} 2009, Nanjing, China, November 2-4, 2009. Proceedings},
  series    = {Lecture Notes in Computer Science},
  volume    = {5828},
  publisher = {Springer},
  year      = {2009},
  url       = {http://dx.doi.org/10.1007/978-3-642-05224-8},
  doi       = {10.1007/978-3-642-05224-8},
  isbn      = {978-3-642-05223-1},
  timestamp = {Wed, 11 Nov 2009 10:49:45 +0100},
  biburl    = {http://dblp.uni-trier.de/rec/bib/conf/acml/2009},
  bibsource = {dblp computer science bibliography, http://dblp.org}
}

@proceedings{DBLP:conf/acml/2010,
  editor    = {Masashi Sugiyama and
               Qiang Yang},
  title     = {Proceedings of the 2nd Asian Conference on Machine Learning, {ACML}
               2010, Tokyo, Japan, November 8-10, 2010},
  series    = {{JMLR} Proceedings},
  volume    = {13},
  publisher = {JMLR.org},
  year      = {2010},
  url       = {http://jmlr.org/proceedings/papers/v13/},
  timestamp = {Thu, 11 Sep 2014 07:28:55 +0200},
  biburl    = {http://dblp.uni-trier.de/rec/bib/conf/acml/2010},
  bibsource = {dblp computer science bibliography, http://dblp.org}
}

@proceedings{DBLP:conf/acml/2011,
  editor    = {Chun{-}Nan Hsu and
               Wee Sun Lee},
  title     = {Proceedings of the 3rd Asian Conference on Machine Learning, {ACML}
               2011, Taoyuan, Taiwan, November 13-15, 2011},
  series    = {{JMLR} Proceedings},
  volume    = {20},
  publisher = {JMLR.org},
  year      = {2011},
  url       = {http://jmlr.org/proceedings/papers/v20/},
  timestamp = {Thu, 11 Sep 2014 07:28:55 +0200},
  biburl    = {http://dblp.uni-trier.de/rec/bib/conf/acml/2011},
  bibsource = {dblp computer science bibliography, http://dblp.org}
}

@proceedings{DBLP:conf/acml/2012,
  editor    = {Steven C. H. Hoi and
               Wray L. Buntine},
  title     = {Proceedings of the 4th Asian Conference on Machine Learning, {ACML}
               2012, Singapore, Singapore, November 4-6, 2012},
  series    = {{JMLR} Proceedings},
  volume    = {25},
  publisher = {JMLR.org},
  year      = {2012},
  url       = {http://jmlr.org/proceedings/papers/v25/},
  timestamp = {Thu, 11 Sep 2014 07:28:55 +0200},
  biburl    = {http://dblp.uni-trier.de/rec/bib/conf/acml/2012},
  bibsource = {dblp computer science bibliography, http://dblp.org}
}

@proceedings{DBLP:conf/acml/2013,
  editor    = {Cheng Soon Ong and
               Tu Bao Ho},
  title     = {Asian Conference on Machine Learning, {ACML} 2013, Canberra, ACT,
               Australia, November 13-15, 2013},
  series    = {{JMLR} Proceedings},
  volume    = {29},
  publisher = {JMLR.org},
  year      = {2013},
  url       = {http://jmlr.org/proceedings/papers/v29/},
  timestamp = {Thu, 11 Sep 2014 07:28:55 +0200},
  biburl    = {http://dblp.uni-trier.de/rec/bib/conf/acml/2013},
  bibsource = {dblp computer science bibliography, http://dblp.org}
}
